<?xml version="1.0" encoding="UTF-8"?>
<record>
  <leader>01647nas a2200445#c 4500</leader>
  <controlfield tag="005">20210729145759.0</controlfield>
  <controlfield tag="007">cr||||||||||||</controlfield>
  <controlfield tag="008">991116c19899999xxuu||p|o ||| 0||||1eng c</controlfield>
  <controlfield tag="003">DE-605</controlfield>
  <controlfield tag="001">990108873860206441</controlfield>
  <datafield tag="016" ind1="7" ind2=" ">
    <subfield code="a">1500025-4</subfield>
    <subfield code="2">DE-600</subfield>
  </datafield>
  <datafield tag="016" ind1="7" ind2=" ">
    <subfield code="a">019926944</subfield>
    <subfield code="2">DE-101</subfield>
  </datafield>
  <datafield tag="022" ind1=" " ind2=" ">
    <subfield code="a">1473-5849</subfield>
  </datafield>
  <datafield tag="035" ind1=" " ind2=" ">
    <subfield code="a">(DE-599)ZDB1500025-4</subfield>
  </datafield>
  <datafield tag="035" ind1=" " ind2=" ">
    <subfield code="a">(OCoLC)1368120672</subfield>
  </datafield>
  <datafield tag="035" ind1=" " ind2=" ">
    <subfield code="a">(DE-600)1500025-4</subfield>
  </datafield>
  <datafield tag="035" ind1=" " ind2=" ">
    <subfield code="a">(DE-101)019926944</subfield>
  </datafield>
  <datafield tag="040" ind1=" " ind2=" ">
    <subfield code="a">9000</subfield>
    <subfield code="b">ger</subfield>
    <subfield code="c">DE-101</subfield>
    <subfield code="d">9001</subfield>
  </datafield>
  <datafield tag="041" ind1=" " ind2=" ">
    <subfield code="a">eng</subfield>
  </datafield>
  <datafield tag="044" ind1=" " ind2=" ">
    <subfield code="c">XD-US</subfield>
  </datafield>
  <datafield tag="084" ind1=" " ind2=" ">
    <subfield code="a">PHARM</subfield>
    <subfield code="q">DE-84</subfield>
    <subfield code="2">fid</subfield>
  </datafield>
  <datafield tag="084" ind1=" " ind2=" ">
    <subfield code="a">15,3</subfield>
    <subfield code="2">ssgn</subfield>
  </datafield>
  <datafield tag="084" ind1=" " ind2=" ">
    <subfield code="a">610</subfield>
    <subfield code="q">DE-600</subfield>
    <subfield code="2">sdnb</subfield>
  </datafield>
  <datafield tag="090" ind1=" " ind2=" ">
    <subfield code="n">nl</subfield>
  </datafield>
  <datafield tag="210" ind1="0" ind2="0">
    <subfield code="a">Behav Pharmacol</subfield>
  </datafield>
  <datafield tag="245" ind1="0" ind2="0">
    <subfield code="a">Behavioural pharmacology</subfield>
  </datafield>
  <datafield tag="264" ind1="3" ind2="1">
    <subfield code="a">Philadelphia, Pa.</subfield>
    <subfield code="b">Lippincott Williams &amp; Wilkins</subfield>
    <subfield code="c">1989-</subfield>
  </datafield>
  <datafield tag="300" ind1=" " ind2=" ">
    <subfield code="a">Online-Ressource</subfield>
  </datafield>
  <datafield tag="336" ind1=" " ind2=" ">
    <subfield code="b">txt</subfield>
  </datafield>
  <datafield tag="337" ind1=" " ind2=" ">
    <subfield code="b">c</subfield>
  </datafield>
  <datafield tag="338" ind1=" " ind2=" ">
    <subfield code="b">cr</subfield>
  </datafield>
  <datafield tag="362" ind1="0" ind2=" ">
    <subfield code="a">1.1989 -</subfield>
  </datafield>
  <datafield tag="363" ind1="0" ind2="1">
    <subfield code="8">1.1\x</subfield>
    <subfield code="a">1</subfield>
    <subfield code="i">1989</subfield>
  </datafield>
  <datafield tag="962" ind1=" " ind2=" ">
    <subfield code="e">ZDB-1-LWW</subfield>
  </datafield>
  <datafield tag="912" ind1=" " ind2=" ">
    <subfield code="a">ZDB-1-LWW</subfield>
  </datafield>
  <datafield tag="856" ind1="4" ind2=" ">
    <subfield code="u">https://journals.lww.com/behaviouralpharm/pages/default.aspx</subfield>
    <subfield code="x">Verlag</subfield>
  </datafield>
  <datafield tag="856" ind1="4" ind2=" ">
    <subfield code="u">http://gateway.ovid.com/ovidweb.cgi?T=JS&amp;NEWS=N&amp;PAGE=toc&amp;SEARCH=00008877-000000000-00000.kc&amp;LINKTYPE=asBody&amp;LINKPOS=1&amp;D=ovft</subfield>
    <subfield code="x">Verlag; 1.1989 - 15.2004</subfield>
    <subfield code="z">Deutschlandweit zugänglich</subfield>
  </datafield>
  <datafield tag="856" ind1="4" ind2=" ">
    <subfield code="u">http://www.bibliothek.uni-regensburg.de/ezeit/?1500025</subfield>
    <subfield code="x">EZB</subfield>
  </datafield>
  <datafield tag="776" ind1="0" ind2="8">
    <subfield code="i">Druckausg.</subfield>
    <subfield code="t">Behavioural pharmacology</subfield>
    <subfield code="d">Hagerstown : Lippincott Williams &amp; Wilkins, 1989-</subfield>
    <subfield code="x">0955-8810</subfield>
    <subfield code="w">(DE-600)1027374-8</subfield>
    <subfield code="0">http://worldcat.org/issn/0955-8810</subfield>
  </datafield>
  <datafield tag="655" ind1=" " ind2="7">
    <subfield code="a">Zeitschrift</subfield>
    <subfield code="0">(DE-588)4067488-5</subfield>
    <subfield code="2">gnd-content</subfield>
  </datafield>
  <datafield tag="500" ind1=" " ind2=" ">
    <subfield code="a">Gesehen am 29.07.2021</subfield>
  </datafield>
  <datafield tag="591" ind1=" " ind2=" ">
    <subfield code="a">C!URL-Ä(19-11-14)</subfield>
  </datafield>
  <datafield tag="MBD" ind1=" " ind2=" ">
    <subfield code="M">49HBZ_NETWORK</subfield>
    <subfield code="i">990108873860206441</subfield>
    <subfield code="n">HBZ Network</subfield>
  </datafield>
  <datafield tag="MBD" ind1=" " ind2=" ">
    <subfield code="M">49HBZ_BRIDGE_HSK</subfield>
    <subfield code="i">9935495007829</subfield>
    <subfield code="n">Bibliothek der Hochschule Koblenz</subfield>
  </datafield>
  <datafield tag="MBD" ind1=" " ind2=" ">
    <subfield code="M">49HBZ_BRIDGE_PTR</subfield>
    <subfield code="i">9953384007817</subfield>
    <subfield code="n">Priesterseminar, Bibliothek, Trier</subfield>
  </datafield>
  <datafield tag="MBD" ind1=" " ind2=" ">
    <subfield code="M">49HBZ_BRIDGE_LBZ</subfield>
    <subfield code="i">99156033007506</subfield>
    <subfield code="n">Rheinische Landesbibliothek Koblenz</subfield>
  </datafield>
  <datafield tag="MBD" ind1=" " ind2=" ">
    <subfield code="M">49HBZ_PAD</subfield>
    <subfield code="i">990009633110106463</subfield>
    <subfield code="n">Universitätsbibliothek Paderborn</subfield>
  </datafield>
  <datafield tag="MNG" ind1=" " ind2=" ">
    <subfield code="c">System</subfield>
    <subfield code="f">ZDB</subfield>
    <subfield code="i">marc21</subfield>
    <subfield code="h">20210729145759.0</subfield>
    <subfield code="k">01</subfield>
    <subfield code="e">false</subfield>
    <subfield code="d">2023-04-23 00:53:52 Europe/Berlin</subfield>
    <subfield code="g">010887386-HBZ01</subfield>
    <subfield code="j">90</subfield>
    <subfield code="a">import</subfield>
    <subfield code="b">2021-04-05 10:16:06 Europe/Berlin</subfield>
  </datafield>
  <datafield tag="H16" ind1="7" ind2=" ">
    <subfield code="a">1500025-4</subfield>
    <subfield code="2">DE-600</subfield>
    <subfield code="8">2213917230007829</subfield>
  </datafield>
  <datafield tag="H35" ind1=" " ind2=" ">
    <subfield code="a">(DE-600)ER601500025</subfield>
    <subfield code="8">2213917230007829</subfield>
  </datafield>
  <datafield tag="H52" ind1="8" ind2="1">
    <subfield code="t">1</subfield>
    <subfield code="c">kA</subfield>
    <subfield code="b">R1007</subfield>
    <subfield code="8">2213917230007829</subfield>
  </datafield>
  <datafield tag="H56" ind1="4" ind2=" ">
    <subfield code="u">http://www.bibliothek.uni-regensburg.de/ezeit/frontdoor.phtml?id=1500025&amp;bibid=HKRMC</subfield>
    <subfield code="8">2213917230007829</subfield>
  </datafield>
  <datafield tag="H59" ind1="1" ind2="0">
    <subfield code="8">1.2\x</subfield>
    <subfield code="8">2213917230007829</subfield>
  </datafield>
  <datafield tag="H59" ind1="0" ind2="0">
    <subfield code="8">1.1\x</subfield>
    <subfield code="8">2213917230007829</subfield>
  </datafield>
  <datafield tag="HOL" ind1=" " ind2=" ">
    <subfield code="d">2023-04-05 17:40:53</subfield>
    <subfield code="8">2213917230007829</subfield>
    <subfield code="b">2023-04-05 17:40:53</subfield>
    <subfield code="M">49HBZ_BRIDGE_HSK</subfield>
    <subfield code="g">false</subfield>
    <subfield code="a">System</subfield>
    <subfield code="c">System</subfield>
  </datafield>
  <datafield tag="H16" ind1="7" ind2=" ">
    <subfield code="a">1500025-4</subfield>
    <subfield code="2">DE-600</subfield>
    <subfield code="8">2221102140007817</subfield>
  </datafield>
  <datafield tag="H35" ind1=" " ind2=" ">
    <subfield code="a">(DE-600)ET601500025</subfield>
    <subfield code="8">2221102140007817</subfield>
  </datafield>
  <datafield tag="H52" ind1="8" ind2="1">
    <subfield code="t">1</subfield>
    <subfield code="c">kA</subfield>
    <subfield code="b">T0006</subfield>
    <subfield code="8">2221102140007817</subfield>
  </datafield>
  <datafield tag="H56" ind1="4" ind2=" ">
    <subfield code="u">http://www.bibliothek.uni-regensburg.de/ezeit/frontdoor.phtml?id=1500025&amp;bibid=BPS</subfield>
    <subfield code="8">2221102140007817</subfield>
  </datafield>
  <datafield tag="H59" ind1="1" ind2="0">
    <subfield code="8">1.2\x</subfield>
    <subfield code="8">2221102140007817</subfield>
  </datafield>
  <datafield tag="H59" ind1="0" ind2="0">
    <subfield code="8">1.1\x</subfield>
    <subfield code="8">2221102140007817</subfield>
  </datafield>
  <datafield tag="HOL" ind1=" " ind2=" ">
    <subfield code="d">2023-04-05 17:41:00</subfield>
    <subfield code="8">2221102140007817</subfield>
    <subfield code="b">2023-04-05 17:41:00</subfield>
    <subfield code="M">49HBZ_BRIDGE_PTR</subfield>
    <subfield code="g">false</subfield>
    <subfield code="a">System</subfield>
    <subfield code="c">System</subfield>
  </datafield>
  <datafield tag="H16" ind1="7" ind2=" ">
    <subfield code="a">1500025-4</subfield>
    <subfield code="2">DE-600</subfield>
    <subfield code="8">2263798630007506</subfield>
  </datafield>
  <datafield tag="H35" ind1=" " ind2=" ">
    <subfield code="a">(DE-600)ER501500025</subfield>
    <subfield code="8">2263798630007506</subfield>
  </datafield>
  <datafield tag="H52" ind1="8" ind2="1">
    <subfield code="t">1</subfield>
    <subfield code="c">kA</subfield>
    <subfield code="b">R0003</subfield>
    <subfield code="8">2263798630007506</subfield>
  </datafield>
  <datafield tag="H56" ind1="4" ind2=" ">
    <subfield code="u">http://www.bibliothek.uni-regensburg.de/ezeit/frontdoor.phtml?id=1500025&amp;bibid=LBZ</subfield>
    <subfield code="8">2263798630007506</subfield>
  </datafield>
  <datafield tag="H59" ind1="1" ind2="0">
    <subfield code="8">1.2\x</subfield>
    <subfield code="8">2263798630007506</subfield>
  </datafield>
  <datafield tag="H59" ind1="0" ind2="0">
    <subfield code="8">1.1\x</subfield>
    <subfield code="8">2263798630007506</subfield>
  </datafield>
  <datafield tag="HOL" ind1=" " ind2=" ">
    <subfield code="d">2023-04-05 17:40:54</subfield>
    <subfield code="8">2263798630007506</subfield>
    <subfield code="b">2023-04-05 17:40:54</subfield>
    <subfield code="M">49HBZ_BRIDGE_LBZ</subfield>
    <subfield code="g">false</subfield>
    <subfield code="a">System</subfield>
    <subfield code="c">System</subfield>
  </datafield>
  <datafield tag="H16" ind1="7" ind2=" ">
    <subfield code="a">1500025-4</subfield>
    <subfield code="2">DE-600</subfield>
    <subfield code="8">2263798660007506</subfield>
  </datafield>
  <datafield tag="H35" ind1=" " ind2=" ">
    <subfield code="a">(DE-600)ER001500025</subfield>
    <subfield code="8">2263798660007506</subfield>
  </datafield>
  <datafield tag="H52" ind1="8" ind2="1">
    <subfield code="t">1</subfield>
    <subfield code="c">kA</subfield>
    <subfield code="b">R0001</subfield>
    <subfield code="8">2263798660007506</subfield>
  </datafield>
  <datafield tag="H56" ind1="4" ind2=" ">
    <subfield code="u">http://www.bibliothek.uni-regensburg.de/ezeit/frontdoor.phtml?id=1500025&amp;bibid=LBZ</subfield>
    <subfield code="8">2263798660007506</subfield>
  </datafield>
  <datafield tag="H59" ind1="1" ind2="0">
    <subfield code="8">1.2\x</subfield>
    <subfield code="8">2263798660007506</subfield>
  </datafield>
  <datafield tag="H59" ind1="0" ind2="0">
    <subfield code="8">1.1\x</subfield>
    <subfield code="8">2263798660007506</subfield>
  </datafield>
  <datafield tag="HOL" ind1=" " ind2=" ">
    <subfield code="d">2023-04-05 17:40:54</subfield>
    <subfield code="8">2263798660007506</subfield>
    <subfield code="b">2023-04-05 17:40:54</subfield>
    <subfield code="M">49HBZ_BRIDGE_LBZ</subfield>
    <subfield code="g">false</subfield>
    <subfield code="a">System</subfield>
    <subfield code="c">System</subfield>
  </datafield>
</record>
